
@INPROCEEDINGS{bishop:2009, 
	author={A. N. Bishop and P. Jensfelt}, 
	booktitle={Robotics and Automation, 2009. ICRA '09. IEEE International Conference on}, 
	title={A Stochastically Stable Solution to the Problem of Robocentric Mapping}, 
	year={2009}, 
	month={may}, 
	pages={1615-1622}, 
	doi={10.1109/ROBOT.2009.5152424}, 
	ISSN={1050-4729},
}

@ARTICLE{perera:2010, 
    author={L.D.L. Perera and W.S. Wijesoma and M.D. Adams}, 
    journal={IEEE Transactions on Control Systems Technology}, 
    title={{SLAM} With Joint Sensor Bias Estimation: Closed Form Solutions on Observability, Error Bounds and Convergence Rates}, 
    year={2010}, 
    month={may }, 
    volume={18}, 
    number={3}, 
    pages={732 -740}, 
    keywords={augmented estimation theory;convergence rates;error bounds;exteroceptive sensor;joint sensor bias estimation;map aided localisation;observability;proprioceptive sensor;simultaneous localization and mapping;state space approach;SLAM (robots);estimation theory;observability;position control;sensors;state-space methods;}, 
    doi={10.1109/TCST.2009.2026165}, 
    ISSN={1063-6536},
}

@Article{moreno:2010,
	author = {Carlos Fernández and Vidal Moreno and Belen Curto and J. Andres Vicente},
	year = {2010},
	pages = {720--726},
	title = {Clustering and Line Detection in Laser Range Measurements},
	volume = {58},
	journal = {Robotics and Autonomous Systems}
}

@Incollection{huang:2009,
   author = {Guoquan Huang and Anastasios Mourikis and Stergios Roumeliotis},
   title = {A First-Estimates {Jacobian} {EKF} for Improving {SLAM} Consistency},
   booktitle = {Experimental Robotics},
   series = {Springer Tracts in Advanced Robotics},
   editor = {Khatib, Oussama and Kumar, Vijay and Pappas, George},
   publisher = {Springer Berlin Heidelberg},
   isbn = {978-3-642-00195-6},
   keyword = {Engineering},
   pages = {373-382},
   volume = {54},
   year = {2009},
}

@ARTICLE{paz:2008,
    author = {Lina Maria Paz and J. D. Tardós and J. Neira}, 
    title = {Divide and Conquer: {EKF SLAM} in {O}(n)}, 
    journal = {IEEE Transactions on Robotics}, 
    month = {October}, 
    year = {2008}, 
    volume = {24}, 
    number = {5}, 
    pages = {1107-1120},
}

@ARTICLE{castellanos:2007,
    author = {J. A. Castellanos and Ruben Martinez-Cantin and J. D. Tardós and J. Neira}, 
    title = {Robocentric Map Joining: Improving the Consistency of {EKF-SLAM}}, 
    journal = {Robotics and Autonomous Systems}, 
    month = {January}, 
    year = {2007}, 
    volume = {55}, 
    number = {1}, 
    pages = {21-29},
}

@ARTICLE{huang:2007, 
    author={Shoudong Huang and Gamini Dissanayake}, 
    journal={IEEE Transactions on Robotics}, 
    title={Convergence and Consistency Analysis for Extended {Kalman} Filter Based {SLAM}}, 
    year={2007}, 
    month={oct.}, 
    volume={23}, 
    number={5}, 
    pages={1036--1049}, 
    doi={10.1109/TRO.2007.903811}, 
    ISSN={1552--3098},
}

@ARTICLE{durrant:2006, 
    author={Durrant-Whyte, H. and Bailey, T.}, 
    journal={Robotics Automation Magazine, IEEE},
    title={Simultaneous Localization and Mapping: Part {I}}, 
    year={2006}, 
    volume={13}, 
    number={2}, 
    pages={99--110}, 
    doi={10.1109/MRA.2006.1638022}, 
    ISSN={1070-9932},
}

@ARTICLE{bailey:2006, 
    author={Bailey, T. and Durrant-Whyte, H.}, 
    journal={Robotics Automation Magazine, IEEE},
    title={Simultaneous Localization and Mapping ({SLAM}): Part {II}}, 
    year={2006},
    volume={13}, 
    number={3}, 
    pages={108-117}, 
    doi={10.1109/MRA.2006.1678144}, 
    ISSN={1070-9932},
}

@InProceedings{baileynieto:2006,
	booktitle = {Proceedings of the 2006 IEEE/RSJ International Conference Intelligent Robots and Systems},
	author = {T. Bailey and J. Nieto and J. Guivant and M. Stevens and E. Nebot},
	title = {Consistency of the {EKF-SLAM} Algorithm},
	year = {2006},
	location = {Beijing, China},
	month = {October},
	pages = {3562--3568},
}

@book{thrun:2005,
    author = {Sebastian Thrun and Wolfram Burgard and Dieter Fox},
    title = {Probabilistic Robotics},
    year = {2005},
    isbn = {9780262201629},
    publisher = {The MIT Press},
}

@InProceedings{castellanos:2004,
	booktitle = {Proceedings of the 5th IFAC Symposium on Intelligent Autonomous Vehicles},
	author = {J.A. Castellanos and J. Neira and J.D. Tardós},
	title = {Limits to the Consistency of {EKF}-based {SLAM}},
	year = {2004},
	location = {Lisbon, Portugal},
	month = {July},
}

@ARTICLE{tardos:2002,
    author = {Juan D. Tardós and José Neira and Paul M. Newman and John J. Leonard},
    title = {Robust Mapping and Localization in Indoor Environments Using Sonar Data},
    journal = {International Journal of Robotics Research},
    year = {2002},
    volume = {21},
    pages = {311--330}
}

@PhDThesis{bailey:2002,
	title = {Mobile Robot Localisation and Mapping in Extensive Outdoor Environments},
	year = {2002},
	school = {University of Sydney, Australian Center of Field Robotics},
	author = {T. Bailey}
}

@ARTICLE{neira:2001,
    author = {J. Neira and J.D. Tardós}, 
    title = {Data Association in Stochastic Mapping Using the Joint Compatibility Test}, 
    journal = {IEEE Transactions on Robotics and Automation}, 
    month = {December}, 
    year = {2001}, 
    volume = {17}, 
    number = {6}, 
    pages = {890-897},
}

@ARTICLE{dissanayake:2001,
    author = {G. Dissanayake and P. Newman and H.F. Durrant-Whyte and S. Clark and M. Csobra}, 
    title = {A Solution to the Simultaneous Localisation and Mapping ({SLAM}) Problem}, 
    journal = {IEEE Transactions on Robotics and Automation},
    year = {2001}, 
    volume = {17}, 
    number = {3}, 
    pages = {229-241},
}

@InProceedings{julier:2001,
	booktitle = {Proceedings of the 2001 IEEE International Conference on Robotics and Automation},
	author = {S. J. Julier and J. K. Uhlmann},
	title = {A Counter Example for the Theory of Simultaneous Localization and Map Building},
	year = {2001},
	location = {Seoul, Korea},
	month = {May},
	pages = {4238–4243},
}

@PhDThesis{csorba:1997,
	title = {Simultaneous Localisation and Map Building},
	year = {1997},
	school = {University of Oxford},
	author = {M. Csorba},
}

@InProceedings{csorba:1996,
    author = {M. Csorba and H.F. Durrant-Whyte}, 
    title = {A New Approach to Simultaneous Localisation and Map Building}, 
    booktitle = {SPIE Aerosense},
    author = {M. Csorba and H.F. Durrant-Whyte},
    year = {1996},
    location = {Orlando, FL, USA},
}

@inbook{smith:1990,
	author = {Randall C. Smith and Mathew Self and Peter Cheeseman},
	title = {Estimating Uncertain Spatial Relationships in Robotics},
	book = {Autonomous robot vehicles},
	year = {1990},
	isbn = {0-387-97240-4},
	pages = {167--193},
	publisher = {Springer-Verlag New York, Inc.},
	address = {New York, NY, USA},
}

@Article{durrant:1988,
	author={Durrant-Whyte, H.F.},
	journal={IEEE Journal of Robotics and Automation},
	title={Uncertain Geometry in Robotics},
	year={1988},
	month={feb},
	volume={4},
	number={1},
	pages={23-31},
	keywords={coordinate frames;geometric descriptions;robot system;uncertain geometry;uncertainty;control system analysis;decision theory;geometry;robots;},
	doi={10.1109/56.768}, 
	ISSN={0882-4967},
}

@Article{smith:1986,
	title = {On the Representation and Estimation of Spatial Uncertainty},
	author = {Randall C. Smith and Peter Cheeseman},
	journal = {International Journal of Robotics Research},
	pages = {56-68},
	number = {4},
	year = {1986},
	volume = {5}
}

@book{anderson:1984,
  title={An Introduction to Multivariate Statistical Analysis},
  author={Anderson, T.W.},
  isbn={9780471889878},
  lccn={84007334},
  series={Wiley Series in Probability and Mathematical Statistics},
  year={1984},
  publisher={Wiley}
}

@Article{pavlidis:1974,
    title = {Segmentation of Plane Curves},
    author = {T. Pavlidis and S.L. Horowitz},
    journal = {IEEE Transactions on Computers},
    volume = {C-23},
    year = {1974},
    pages = {860-870}
}

