
@Article{guerreiro:2013:ras:calib,
    title       = {Automatic {2-D} {LADAR} Geometric Calibration of Installation Bias},
    year        = {2013},
    journal     = {Robotics and Autonomous Systems},
    publisher   = {Elsevier},
    author      = {B. J. Guerreiro and C. Silvestre and P. Oliveira},
    note        = {submitted},
}

@Article{guerreiro:2013:tcst:delfim,
    title       = {Trajectory Tracking Nonlinear Model Predictive Control for Autonomous Surface Craft},
    year        = {2013},
    journal     = {IEEE Transactions in Control Systems Technology},
    author      = {B. J. Guerreiro and C. Silvestre and R. Cunha and A. Pascoal},
    note        = {Conditionally accepted},
}

@Article{guerreiro:2013:tro:slam,
    title       = {Globally Asymptotically Stable Sensor-based Simultaneous Localization and Mapping},
    year        = {2013},
    journal     = {IEEE Transactions on Robotics},
    author      = {B. J. Guerreiro and P. Batista and C. Silvestre and P. Oliveira},
    note        = {In press, DOI:10.1109/TRO.2013.2273838},
    volume      = {29},
    number      = {6},
    DOI         = {10.1109/TRO.2013.2273838},
}

@InProceedings{guerreiro:2013:ecc:mpc,
    booktitle   = {European Control Conference (ECC)},
    title       = {Trajectory Tracking Nonlinear Model Predictive Control for Autonomous Surface Craft},
    month       = {July},
    year        = {2013},
    location    = {Zurich, Switzerland},
    author      = {B. J. Guerreiro and C. Silvestre and R. Cunha and A. Pascoal},
    pages       = {3006-3011},
}

@InProceedings{lourenco:2013:ecc:map,
    booktitle   = {European Control Conference (ECC)},
    title       = {{3-D} Inertial Trajectory and Map Estimation: building on a GAS Sensor-based {SLAM} algorithm},
    month       = {July},
    year        = {2013},
    location    = {Zurich, Switzerland},
    author      = {P. Lourenço and B. J. Guerreiro and P. Batista and P. Oliveira and C. Silvestre},
    pages       = {4214-4219},
}

@InProceedings{lourenco:2013:acc:slam3d,
    title       = {Preliminary Results on Globally Asymptotically Stable Simultaneous Localization and Mapping in {3-D}},
    author      = {P. Lourenço and B. J. Guerreiro and P. Batista and P. Oliveira and C. Silvestre},
    booktitle   = {American Control Conference (ACC)},
    month       = {June},
    year        = {2013},
    pages       = {3093--3098},
    location    = {Washington, DC, USA},
}

@Article{guerreiro:2012d,
    title       = {Terrain Avoidance Nonlinear Model Predictive Control for Autonomous Rotorcraft},
    author      = {B. J. Guerreiro and C. Silvestre and R. Cunha},
    journal     = {Journal of Intelligent \& Robotic Systems},
    publisher   = {Springer Netherlands},
    year        = {2012},
    volume      = {68},
    number      = {1},
    pages       = {69 --85},
    issn        = {0921-0296},
    note        = {DOI:10.1007/s10846-012-9669-6},
    url         = {http://dx.doi.org/10.1007/s10846-012-9669-6},
}

@InProceedings{guerreiro:2012b,
    booktitle   = {American Control Conference (ACC), 2012},
    author      = {B. J. Guerreiro and P. Batista and C. Silvestre and P. Oliveira},
    title       = {Sensor-based Simultaneous Localization and Mapping -- Part {II}: Online Inertial Map and Trajectory Estimation},
    year        = {2012},
    location    = {Montréal, Canada},
    month       = {June},
    pages       = {6334 --6339},
    ISSN        = {0743-1619},
}

@InProceedings{guerreiro:2012a,
    booktitle   = {American Control Conference (ACC), 2012},
    author      = {B. J. Guerreiro and P. Batista and C. Silvestre and P. Oliveira},
    title       = {Sensor-based Simultaneous Localization and Mapping -- Part {I}: GAS Robocentric Filter},
    year        = {2012},
    location    = {Montréal, Canada},
    month       = {June},
    pages       = {6352 --6357},
    ISSN        = {0743-1619},
}

@INPROCEEDINGS{guerreiro:2011, 
    author      = {Guerreiro, B. and Silvestre, C. and Oliveira, P.}, 
    booktitle   = {2011 IEEE International Conference on Robotics and Automation (ICRA)}, 
    title       = {Automatic {LADAR} calibration methods using geometric optimization}, 
    year        = {2011}, 
    month       = {May}, 
    volume      = {}, 
    number      = {}, 
    pages       = {969 -974},
    location    = {Shangai, China},
    keywords    = {LADAR data acquisition;LADAR data processing algorithm;LADAR mounted onboard autonomous vehicle;Riemannian manifold;attitude installation matrix;automatic LADAR calibration method;data set measurement;errors minimization;estimation algorithm;geometric optimization;laser detection and ranging systems mounted onboard autonomous vehicle;orthogonal matrices;calibration;data acquisition;estimation theory;geometric programming;matrix algebra;minimisation;mobile robots;optical radar;}, 
    note        = {DOI:10.1109/ICRA.2011.5979729}, 
    ISSN        = {1050-4729},
}

@Article{vasconcelos:2010,
    title       = {Embedded {UAV} model and LASER aiding techniques for inertial navigation systems},
    journal     = {Control Engineering Practice},
    volume      = {18},
    number      = {3},
    pages       = {262 - 278},
    year        = {2010},
    issn        = {0967-0661},
    note        = {DOI:10.1016/j.conengprac.2009.11.004},
    url         = {http://www.sciencedirect.com/science/article/pii/S0967066109002202},
    author      = {J.F. Vasconcelos and C. Silvestre and P. Oliveira and B. Guerreiro},
    keywords    = {Inertial navigation;Extended Kalman filters;Vehicle dynamics;Sensor fusion;Autonomous vehicles;Vertical takeoff and landing},
}

@INPROCEEDINGS{guerreiro:2010, 
    author      = {B. J. Guerreiro and C. Silvestre and R. Cunha}, 
    booktitle   = {18th IFAC Symposium on Automatic Control in Aerospace}, 
    title       = {Laser-based trajectory tracking {H2} control of autonomous rotorcraft}, 
    year        = {2010}, 
    month       = {September}, 
    volume      = {}, 
    number      = {}, 
    pages       = {},
    location    = {Nara-ken Shinkokaido, Japan},
    keywords    = {laser-based control;autonomous vehicles;helicopter control;disturbance rejection}, 
    note        = {DOI:10.3182/20100906-5-JP-2022.00010},
}

@INPROCEEDINGS{guerreiro:2009b, 
    author      = {Guerreiro, B.J. and Silvestre, C. and Cunha, R. and Pascoal, A.}, 
    booktitle   = {European Control Conference}, 
    title       = {Trajectory Tracking Nonlinear Model Predictive Control for Autonomous Surface Craft}, 
    year        = {2009}, 
    month       = {August}, 
    location    = {Budapest, Hungary},
}

@INPROCEEDINGS{guerreiro:2009a, 
    author      = {Guerreiro, B.J. and Silvestre, C. and Cunha, R. and Cao, C. and Hovakimyan, N.}, 
    booktitle   = {American Control Conference, 2009}, 
    title       = {L1 adaptive control for autonomous rotorcraft}, 
    year        = {2009}, 
    month       = {June}, 
    volume      = {}, 
    number      = {}, 
    pages       = {3250 -3255}, 
    location    = {St. Louis MO, USA},
    keywords    = {L1 adaptive control;attitude stabilization;autonomous rotorcraft;inner loop controller;linear state feedback;linear time-varying system;velocity stabilization;adaptive control;attitude control;helicopters;linear systems;stability;state feedback;time-varying systems;velocity control;}, 
    note        = {DOI:10.1109/ACC.2009.5159940}, 
    ISSN        = {0743-1619},
}

@INPROCEEDINGS{guerreiro:2008b, 
    author={Guerreiro, B. J. and Silvestre, C. and Cunha, R.}, 
    booktitle={17th IFAC World Congress}, 
    title={Terrain Avoidance Model Predictive Control for Autonomous Rotorcraft}, 
    year={2008}, 
    month={July}, 
    volume={}, 
    number={}, 
    pages={}, 
    location={COEX, South Korea},
    keywords={Guidance, navigation and control of vehicles; Autonomous systems}, 
    note        = {DOI:10.3182/20080706-5-KR-1001.00186}, 
}

@INPROCEEDINGS{guerreiro:2008a, 
    author={Guerreiro, B. and Silvestre, C. and Oliveira, P. and Vasconcelos, J.F.}, 
    booktitle={IEEE International Conference on Robotics and Automation, 2008}, 
    title={Nonlinear and geometric optimization methods for {LADAR} calibration}, 
    year={2008}, 
    month={May}, 
    volume={}, 
    number={}, 
    pages={1406 -1411}, 
    location={Pasadena CA, USA},
    keywords={LADAR calibration;LADAR data acquisition algorithms;LADAR data processing algorithms;LADAR mounted onboard autonomous vehicles;Riemannian manifolds;ZYX Euler angles;attitude installation matrix determination;error minimization;estimation algorithms;geometric optimization methods;laser detection-ranging systems;nonlinear optimization methods;orthogonal matrices;robotics;calibration;data acquisition;laser ranging;matrix algebra;minimisation;mobile robots;nonlinear programming;}, 
    note        = {DOI:10.1109/ROBOT.2008.4543399}, 
    ISSN={1050-4729},
}

@INPROCEEDINGS{guerreiro:2007, 
    author      = {B. J. Guerreiro and C. Silvestre and R. Cunha and D. Antunes}, 
    booktitle   = {17th IFAC Symposium on Automatic Control in Aerospace}, 
    title       = {Trajectory tracking {H2} controller for autonomous helicopters: an application to industrial chimney inspection},
    year        = {2007}, 
    month       = {June}, 
    volume      = {}, 
    number      = {}, 
    pages       = {},
    location    = {Toulouse, France},
    keywords    = {autonomous vehicles;helicopter control;disturbance rejection},
    note        = {DOI:10.3182/20070625-5-FR-2916.00074},
}

@TECHREPORT{cunha:2005,
    AUTHOR      = {Rita Cunha and Bruno Guerreiro and Carlos Silvestre},
    TITLE       = {Vario-Xtreme Helicopter Nonlinear Model: Complete and Simplified Expressions},
    INSTITUTION = {Instituto Superior Técnico, Institute for Systems and Robotics},
    YEAR        = {2005},
    month       = {September},
    type        = {Technical Report},
}


