

@MANUAL{chimguide:2006,
  TITLE =        {Chimney Maintenance Guide},
  author =       {CICIND},
  organization = {International Committee on Industrial Chimneys (CICIND)},
  month =        {January},
  year =         {2006},
  source =       {http://www.cicind.org/images/maintguide.pdf},
}

@BOOK{ice:2008,
  editor =       {Gerard Parke and Nigel Hewson},
  TITLE =        {ICE Manual of Bridge Engineering},
  PUBLISHER =    {Institution of Civil Engineers},
  YEAR =         {2008},
  address =      {London, UK},
  edition =      {Second},
  isbn =         {978-0-7277-3452-5},
  source =       {www.icemanuals.com},
}
